@book{dbbook,
author = {Silberschatz, Abraham and Korth, Henry F. and Sudarshan, S.},
title = {Database Systems Concepts},
year = {2019},
isbn = {9780078022159},
publisher = {McGraw-Hill Higher Education},
edition = {7th},
}
@book{se,
author = {Sommerville, Ian},
title = {Software Engineering},
year = {2015},
isbn = {0133943038},
publisher = {Pearson},
edition = {10th},
}
@book{head,
	title={Head First PHP \& MySQL: A Brain-Friendly Guide},
	author={Beighley, Lynn and Morrison, Michael},
	year={2008},
	publisher={O'Reilly Media}
}
@book{php,
	title={PHP: The Complete Reference},
	author={Holzner, Steven},
	year={2007},
	publisher={McGraw-Hill, Inc.}
}
@book{se1,
	title={An Integrated Approach to Software Engineering},
	author={Jalote, Pankaj},
	year={2012},
	publisher={Springer Science \& Business Media}
}
@book{html,
	title={Sams Teach Yourself HTML, CSS, and JavaScript All in One},
	author={Meloni, Julie C},
	year={2016},
	publisher={Pearson Education India}
}
@misc{java,
	title={Java-Script: The Definitive Guide},
	author={Flanagan, David and Novak, Gregor M},
	year={1998},
	publisher={American Institute of Physics}
}

@misc{tutorial1,
    author = {Tim Berners-Lee},
	title = {HTML Tutorial},
    howpublished = "\url{https://www.w3.org/TR/html401/}",
    urldate = {1999-12-24}
}
@misc{tutorial2,
    author = {W3Schools},
	title = {PHP Tutorial},
    howpublished = "\url{https://www.w3schools.com/php/}",
}






